<?xml version="1.0" encoding="UTF-8"?><collection><record><leader>07476ntm a2200709 a 4500</leader><controlfield tag="001">006822263</controlfield><controlfield tag="003">MiAaHDL</controlfield><controlfield tag="005">20190719000000.0</controlfield><controlfield tag="006">m        d        </controlfield><controlfield tag="007">cr bn ---auaua</controlfield><controlfield tag="008">090623s1772    tu            00| ||ota d</controlfield><datafield tag="035" ind1=" " ind2=" "><subfield code="a">(MiU)006822263</subfield></datafield><datafield tag="035" ind1=" " ind2=" "><subfield code="a">sdr-miu006822263</subfield></datafield><datafield tag="040" ind1=" " ind2=" "><subfield code="a">MiU</subfield><subfield code="c">MiU</subfield><subfield code="e">amremm</subfield></datafield><datafield tag="041" ind1="0" ind2=" "><subfield code="a">ota</subfield></datafield><datafield tag="043" ind1=" " ind2=" "><subfield code="a">n-us-mi</subfield><subfield code="a">a-tu---</subfield></datafield><datafield tag="100" ind1="0" ind2=" "><subfield code="6">880-01</subfield><subfield code="a">Mehmet bin Tacettin,</subfield><subfield code="d">d. 1587.</subfield></datafield><datafield tag="245" ind1="1" ind2="0"><subfield code="6">880-03</subfield><subfield code="a">[Hüsn-ü hat risalesi,</subfield><subfield code="f">ca. 1772].</subfield></datafield><datafield tag="246" ind1="3" ind2=" "><subfield code="a">Risale-yi hat</subfield></datafield><datafield tag="246" ind1="3" ind2=" "><subfield code="a">Risale-yi hüsn-i hat</subfield></datafield><datafield tag="246" ind1="3" ind2=" "><subfield code="a">Hüsn-i hat risalesi</subfield></datafield><datafield tag="260" ind1=" " ind2=" "><subfield code="a">[Istanbul?,</subfield><subfield code="c">ca. 1772].</subfield></datafield><datafield tag="300" ind1=" " ind2=" "><subfield code="a">28 leaves :</subfield><subfield code="b">paper ;</subfield><subfield code="c">222 x 160 (129 x 78) mm.</subfield></datafield><datafield tag="500" ind1=" " ind2=" "><subfield code="a">Shelfmark: Ann Arbor, University of Michigan, Special Collections Library, Isl. Ms. 401</subfield></datafield><datafield tag="500" ind1=" " ind2=" "><subfield code="a">Origin: As appears in colophon, copy executed by Mehmet Vasfi (i.e. Kebecizade Mehmet Vasfi Efendi, d. 1831) student of Ebubekir Raşit Efendi (d.1782). Date of transcription not specified, though date in watermark suggests ca. 1772 ; decoration, hand, etc. are consistent with late 18th century dating.</subfield></datafield><datafield tag="500" ind1=" " ind2=" "><subfield code="a">Former shelfmark: "469 T. De M. [i.e. Tammaro De Marinis]" in pencil on verso of front flyleaf.</subfield></datafield><datafield tag="500" ind1=" " ind2=" "><subfield code="a">Binding: Pasteboards covered in dark royal blue leather ; Type III binding (without flap) ; pastedowns and flyleaves in sky blue surface-dyed, textured and coated paper (embossed with scrolling vegetal designs) ; upper and lower covers carry central gold-flecked cartouche with gold-painted cornerpieces and stamped borders of gold defined by gold fillets ; sewn in pale yellow thread, two stations ; overall in fairly good condition with minor abrasion ; repairs in blue Japanese paper.</subfield></datafield><datafield tag="500" ind1=" " ind2=" "><subfield code="a">Support: European laid paper with 11 laid lines per cm. (vertical), chain lines spaced 23-24 mm. apart (horizontal), and watermarks of griffin [?], "FIN DE LA SONE EN DAUPHINE" and "1772" ; well-sized and burnished, thin and crisp though sturdy, buff (dull yellow) in color.</subfield></datafield><datafield tag="500" ind1=" " ind2=" "><subfield code="a">Decoration: Elegant illuminated headpiece (ʻunwān / sarlawḥ) at opening consisting of a composition of vegetal forms (resembling plumes) in white with shades of lavender, blue, pink, etc. accents surmounted by floral forms in shades of pink with green leaves, all on a gold ground set in a well defined by red and yellow interlace ; written area of incipit and facing page surrounded by a heavy gold frame with inner and outer gold bands defined by black fillets and outermost blue fillet ; written area elsewhere surrounded by a narrower gold frame defined by black fillets with outermost blue fillet ; textual dividers in the form of illuminated rosettes with red and blue accents ; keywords and headings rubricated ; circles (or hāʼ evoking familiar rhomboid dots) and lines indicating size, proportion and angle for the large sample letters entered in the margins are also rubricated.</subfield></datafield><datafield tag="500" ind1=" " ind2=" "><subfield code="a">Script: Naskh (nesih) and thluth (sülüs) ; exquisite specimen of Ottoman calligraphy executed by Kebecizade Mehmet Vasfi Efendi (d. 1831).</subfield></datafield><datafield tag="500" ind1=" " ind2=" "><subfield code="a">Layout: Written in 9 lines per page ; frame-ruled.</subfield></datafield><datafield tag="500" ind1=" " ind2=" "><subfield code="a">Collation: i, 2 V(20), IV (28), i ; two quinions followed by a quaternion ; catchwords present.</subfield></datafield><datafield tag="500" ind1=" " ind2=" "><subfield code="a">Colophon: "Scribal," triangular, reads "كتبه اضعف الكتاب محمد الوصفى المعروف بحافظ القرآن من تلاميذ ابو بكر راشد افندى غفر الله لهما"</subfield></datafield><datafield tag="500" ind1=" " ind2=" "><subfield code="a">Explicit: "وبرى معكوسه در راجعه داخى ديرلر بونلر كبى""</subfield></datafield><datafield tag="500" ind1=" " ind2=" "><subfield code="a">Incipit: "حمد بى عد وثناء لا يعد اول خالق اللوح والقلمه كه كاف ونون ايله جمله كائنات وممكناتى وار ... تراشيدن قلم وشناختن اولا حسن خط يازنلر قلمك اعلاسين ومركبك رعناسين وكاغدك زيباسين كورمك كركدر ..."</subfield></datafield><datafield tag="500" ind1=" " ind2=" "><subfield code="a">Title supplied by cataloguer.</subfield></datafield><datafield tag="500" ind1=" " ind2=" "><subfield code="a">Ms. codex.</subfield></datafield><datafield tag="510" ind1="4" ind2=" "><subfield code="a">Gruber, Christiane and Ashley Dimmig. Pearls of Wisdom : The Arts of Islam at the University of Michigan (Ann Arbor, Michigan : Kelsey Museum of Archaeology, 2014),</subfield><subfield code="c">no.2, p.28 f.</subfield></datafield><datafield tag="510" ind1="4" ind2=" "><subfield code="a">Blair, Sheila. Islamic calligraphy. (Edinburgh: Edinburgh University Press, 2006),</subfield><subfield code="c">pp.477-479, Fig. 11.1</subfield></datafield><datafield tag="510" ind1="4" ind2=" "><subfield code="a">Bayat, Ali Haydar. Açıklamalı hüsn-i hat bibliyografyası : yazmalar, kitaplar, makaleler, kitaplarda hatla ilgili bölümler, dış ülkelerdeki yayınlar. İstanbul : İslam Tarih, Sanat ve Kültür Araştırma Merkezi, 2002.</subfield></datafield><datafield tag="510" ind1="4" ind2=" "><subfield code="a">Schick, Irvin Cemil. "Tâczâde Risâlesi'ne göre sülüs hattına dair bazı istılâhat." In M. Uğur Derman armağanı : altmışbeşinci yaşı münasebetiyle sunulmuş tebliğler. Irvin Cemil Schick, Ed. (İstanbul : Sabancı Universitesi, 2000):</subfield><subfield code="c">456-482.</subfield></datafield><datafield tag="510" ind1="4" ind2=" "><subfield code="a">Tüfekçioğlu, Abdülhamit. "Mehmed b. Tâceddin ve Hüsn-i Hat Risalesi hakkında," Kubbealtı Akademi Mecmuası, XXVI, 1 (Ocak 1997):</subfield><subfield code="c">45-48.</subfield></datafield><datafield tag="510" ind1="4" ind2=" "><subfield code="a">Rado, Şevket. Türk hattatları : XV. yüzyıldan günümüze kadar gelmiş ünlü hattatların hayatları ve yazılarından örnekler. (Istanbul : Yayın Matbaacılık Ticaret Limited Şti., [1984?]),</subfield><subfield code="c">p.78 and p.202.</subfield></datafield><datafield tag="510" ind1="4" ind2=" "><subfield code="a">Islamic art from Michigan collections. Carol G. Fisher and Alan Fisher, Eds. (East Lansing, MI, 1982),</subfield><subfield code="c">no.60, p.103.</subfield></datafield><datafield tag="510" ind1="4" ind2=" "><subfield code="a">Soucek, Priscilla. "Handlist" for The Islamic Book: Arabic, Persian and Turkish Manuscripts Exhibition, Library, University of Michigan, Ann Arbor, Mich., November 1978, typescript.</subfield></datafield><datafield tag="510" ind1="4" ind2=" "><subfield code="a">Taczâde, Mehmed bin Taceddin. Risale-yi hüsn-i hat : manuscript, 1603 or 4. MS Arab 9, Houghton Library, Harvard University, Cambridge, Mass.</subfield></datafield><datafield tag="520" ind1="8" ind2=" "><subfield code="a">Exquisite copy of a treatise on calligraphy (addressing chiefly nesih and sülüs) attributed to Tacbeyzade [Taçbeyzade, Tacizade, Taczade] Mehmet bin Tacettin [Mehmed b.Taceddin] (d.1587) executed by the calligrapher Kebecizade Mehmet Vasfi Efendi (d. 1831). The text opens with preparing the pen and the origins of the scripts and their names (returning to Ibn al-Bawwāb and Yāqūt al-Mustaʻṣamī with some sayings attributed to them), followed by the müfredat (single and double letters) and the mürekkebat (words and phrases of more than two letters). Sample letters marked with the proper proportions and angles are provided in the margins.</subfield></datafield><datafield tag="538" ind1=" " ind2=" "><subfield code="a">Mode of access: Internet.</subfield></datafield><datafield tag="541" ind1=" " ind2=" "><subfield code="c">Purchase ;</subfield><subfield code="a">Acquired by purchase (funds donated by Horace Rackham).</subfield><subfield code="d">1924.</subfield></datafield><datafield tag="546" ind1=" " ind2=" "><subfield code="a">Ottoman Turkish.</subfield></datafield><datafield tag="561" ind1=" " ind2=" "><subfield code="a">Clean copy.</subfield></datafield><datafield tag="650" ind1=" " ind2="0"><subfield code="a">Manuscripts, Turkish</subfield><subfield code="z">Michigan</subfield><subfield code="z">Ann Arbor.</subfield></datafield><datafield tag="650" ind1=" " ind2="0"><subfield code="a">Writing, Arabic</subfield><subfield code="x">Technique</subfield><subfield code="v">Early works to 1800.</subfield></datafield><datafield tag="650" ind1=" " ind2="0"><subfield code="a">Calligraphy, Turkish</subfield><subfield code="x">Technique</subfield><subfield code="v">Early works to 1800.</subfield></datafield><datafield tag="650" ind1=" " ind2="0"><subfield code="a">Islamic calligraphy</subfield><subfield code="z">Turkey</subfield><subfield code="x">Technique</subfield><subfield code="v">Early works to 1800.</subfield></datafield><datafield tag="655" ind1=" " ind2="7"><subfield code="a">Headpieces (layout features)</subfield><subfield code="y">18th century.</subfield><subfield code="2">aat</subfield></datafield><datafield tag="700" ind1="0" ind2=" "><subfield code="6">880-01</subfield><subfield code="a">Kebecizade Mehmet Vasfi Efendi,</subfield><subfield code="d">d. 1831,</subfield><subfield code="e">calligrapher,</subfield><subfield code="e">scribe.</subfield></datafield><datafield tag="700" ind1="0" ind2=" "><subfield code="a">Abdülhamid</subfield><subfield code="b">II,</subfield><subfield code="c">Sultan of the Turks,</subfield><subfield code="d">1842-1918,</subfield><subfield code="e">former owner.</subfield></datafield><datafield tag="773" ind1="0" ind2=" "><subfield code="a">Abdul Hamid Collection.</subfield></datafield><datafield tag="880" ind1="0" ind2=" "><subfield code="6">700-01/</subfield><subfield code="a">كبجى زاده محمد وصفى افندى،</subfield><subfield code="e">خطاط،</subfield><subfield code="e">ناسخ.</subfield></datafield><datafield tag="880" ind1="1" ind2="0"><subfield code="6">245-03/</subfield><subfield code="a">[حسن خط رساله سى,</subfield><subfield code="f">ح 1772م].</subfield></datafield><datafield tag="880" ind1="0" ind2=" "><subfield code="6">100-01/</subfield><subfield code="a">محمد بن تاج الدين.</subfield></datafield><datafield tag="CID" ind1=" " ind2=" "><subfield code="a">006822263</subfield></datafield><datafield tag="DAT" ind1="0" ind2=" "><subfield code="a">20190719102640.0</subfield><subfield code="b">20190719000000.0</subfield></datafield><datafield tag="DAT" ind1="1" ind2=" "><subfield code="a">20190719090653.0</subfield><subfield code="b">2019-07-19T16:12:06Z</subfield></datafield><datafield tag="DAT" ind1="2" ind2=" "><subfield code="a">2015-10-10T18:00:06Z</subfield></datafield><datafield tag="CAT" ind1=" " ind2=" "><subfield code="a">SDR-MIU</subfield><subfield code="d">EX LIBRIS - ALEPH</subfield><subfield code="l">prepare.pl-004-008</subfield></datafield><datafield tag="FMT" ind1=" " ind2=" "><subfield code="a">BK</subfield></datafield><datafield tag="HOL" ind1=" " ind2=" "><subfield code="0">sdr-miu006822263</subfield><subfield code="a">MiU</subfield><subfield code="b">SDR</subfield><subfield code="c">MIU</subfield><subfield code="p">mdp.39015088423010</subfield><subfield code="s">MIU</subfield><subfield code="1">006822263</subfield></datafield><datafield tag="974" ind1=" " ind2=" "><subfield code="b">MIU</subfield><subfield code="c">MIU</subfield><subfield code="d">20190719</subfield><subfield code="s">lit-dlps-dc</subfield><subfield code="u">mdp.39015088423010</subfield><subfield code="y">1772</subfield><subfield code="r">pd</subfield><subfield code="q">bib</subfield><subfield code="t">non-US bib date1 &lt; 1896</subfield></datafield></record></collection>